@article{scotton1977bilingual,
  title={Bilingual strategies: The social functions of code-switching},
  author={Scotton, Carol Myers and Ury, William},
  journal={International Journal of the sociology of language},
  volume={1977},
  number={13},
  pages={5--20},
  year={1977}
}

@article{workshop,
title={First Workshop on Computational Approaches to Code Switching}
}

@article{stat,
author={Eurostat},
title={Foreign languages learnt per pupil in upper secondary education, 2007 and 2012},
year=2015
}

@article{multipleLanguages,
author={Ben Kind and Steven Abney},
title={Labeling the Languages of Words in Mixed-Language Documents using Weakly Supervised Methods}
}


@article{bigramFrequencyCount,
author={Nathaniel Oco, Jason Wong, Joel Ilao, Rachel Roxas},
title={Detecting Code-Switches using Word Bigram Frequency Count},
year = 2014
}
